<?xml version = "1.0" encoding = "UTF-8"?><record>
  <leader>01821nas#a2200517#c#4500</leader>
  <controlfield tag="005">20210408164407.0</controlfield>
  <controlfield tag="007">tu</controlfield>
  <controlfield tag="008">040709m20032005gw##|#p#######|####|ger#c</controlfield>
  <controlfield tag="003">DE-605</controlfield>
  <controlfield tag="001">990132101160206441</controlfield>
  <datafield tag="016" ind1="7" ind2=" ">
    <subfield code="a">026185148</subfield>
    <subfield code="2">DE-101b</subfield>
  </datafield>
  <datafield tag="016" ind1="7" ind2=" ">
    <subfield code="a">2151120-2</subfield>
    <subfield code="2">DE-600</subfield>
  </datafield>
  <datafield tag="016" ind1="7" ind2=" ">
    <subfield code="a">1071459233</subfield>
    <subfield code="2">OCoLC</subfield>
  </datafield>
  <datafield tag="035" ind1=" " ind2=" ">
    <subfield code="a">(DE-605)HT014078228</subfield>
  </datafield>
  <datafield tag="040" ind1=" " ind2=" ">
    <subfield code="a">0038</subfield>
    <subfield code="b">ger</subfield>
    <subfield code="c">DNB</subfield>
    <subfield code="d">0061</subfield>
  </datafield>
  <datafield tag="041" ind1=" " ind2=" ">
    <subfield code="a">ger</subfield>
  </datafield>
  <datafield tag="044" ind1=" " ind2=" ">
    <subfield code="c">XA-DE</subfield>
  </datafield>
  <datafield tag="084" ind1=" " ind2=" ">
    <subfield code="a">320</subfield>
    <subfield code="q">DE-600</subfield>
    <subfield code="2">zdbs</subfield>
  </datafield>
  <datafield tag="084" ind1=" " ind2=" ">
    <subfield code="a">91 ; Euregio Rhein-Waal (Sitz: Kleve)</subfield>
    <subfield code="2">nwbib</subfield>
  </datafield>
  <datafield tag="084" ind1=" " ind2=" ">
    <subfield code="a">91 ; Euregio Rhein-Maas-Nord (Sitz: M&#246;nchengladbach)</subfield>
    <subfield code="2">nwbib</subfield>
  </datafield>
  <datafield tag="084" ind1=" " ind2=" ">
    <subfield code="a">572030</subfield>
    <subfield code="2">nwbib</subfield>
  </datafield>
  <datafield tag="245" ind1="0" ind2="0">
    <subfield code="a">Bilanz ..., Interreg IIIA</subfield>
    <subfield code="c">Euregio Rhein-Waal ; Euregio Rhein-Maas-Nord</subfield>
  </datafield>
  <datafield tag="264" ind1="3" ind2="1">
    <subfield code="a">Kleve</subfield>
    <subfield code="b">Gemeinsames Interreg-Sekretariat</subfield>
    <subfield code="c">2003-2005</subfield>
    <subfield code="3">2003-2005</subfield>
  </datafield>
  <datafield tag="336" ind1=" " ind2=" ">
    <subfield code="b">txt</subfield>
  </datafield>
  <datafield tag="337" ind1=" " ind2=" ">
    <subfield code="b">n</subfield>
  </datafield>
  <datafield tag="338" ind1=" " ind2=" ">
    <subfield code="b">nc</subfield>
  </datafield>
  <datafield tag="362" ind1="0" ind2=" ">
    <subfield code="a">2000/02(2003) - 2004(2005)</subfield>
  </datafield>
  <datafield tag="363" ind1="0" ind2="0">
    <subfield code="8">1.1\x</subfield>
    <subfield code="i">2000/02</subfield>
  </datafield>
  <datafield tag="363" ind1="1" ind2="0">
    <subfield code="8">1.2\x</subfield>
    <subfield code="i">2004</subfield>
  </datafield>
  <datafield tag="655" ind1=" " ind2="7">
    <subfield code="a">Zeitschrift</subfield>
    <subfield code="0">(DE-588)4067488-5</subfield>
    <subfield code="2">gnd-content</subfield>
  </datafield>
  <datafield tag="689" ind1="0" ind2="0">
    <subfield code="a">Euregio</subfield>
    <subfield code="D">s</subfield>
    <subfield code="0">(DE-588)4549912-3</subfield>
    <subfield code="0">(uri) https://portal.dnb.de/opac.htm?method=simpleSearch&amp;cqlMode=true&amp;query=idn=956720129</subfield>
    <subfield code="0">(uri) http://viaf.org/viaf/sourceID/DNB|956720129</subfield>
    <subfield code="B">GND-956720129</subfield>
  </datafield>
  <datafield tag="689" ind1="0" ind2="1">
    <subfield code="a">Projekt</subfield>
    <subfield code="D">s</subfield>
    <subfield code="0">(DE-588)4115645-6</subfield>
    <subfield code="0">(uri) https://portal.dnb.de/opac.htm?method=simpleSearch&amp;cqlMode=true&amp;query=idn=041156455</subfield>
    <subfield code="0">(uri) http://viaf.org/viaf/sourceID/DNB|041156455</subfield>
    <subfield code="B">GND-041156455</subfield>
  </datafield>
  <datafield tag="689" ind1="0" ind2="2">
    <subfield code="a">Geschichte 2000-2004</subfield>
    <subfield code="A">z</subfield>
  </datafield>
  <datafield tag="689" ind1="0" ind2="3">
    <subfield code="a">Zeitschrift</subfield>
    <subfield code="A">f</subfield>
  </datafield>
  <datafield tag="689" ind1="0" ind2=" ">
    <subfield code="5">DE-61</subfield>
    <subfield code="5">DE-605</subfield>
  </datafield>
  <datafield tag="710" ind1="2" ind2=" ">
    <subfield code="a">Euregio Rhein-Waal</subfield>
    <subfield code="0">(DE-588)2152590-0</subfield>
    <subfield code="4">isb</subfield>
    <subfield code="0">(uri) https://portal.dnb.de/opac.htm?method=simpleSearch&amp;cqlMode=true&amp;query=idn=946322201</subfield>
    <subfield code="0">(uri) http://viaf.org/viaf/sourceID/DNB|946322201</subfield>
    <subfield code="B">GND-946322201</subfield>
  </datafield>
  <datafield tag="710" ind1="2" ind2=" ">
    <subfield code="a">Euregio Rhein-Maas-Nord</subfield>
    <subfield code="0">(DE-588)5091224-0</subfield>
    <subfield code="4">isb</subfield>
    <subfield code="0">(uri) https://portal.dnb.de/opac.htm?method=simpleSearch&amp;cqlMode=true&amp;query=idn=050912240</subfield>
    <subfield code="0">(uri) http://viaf.org/viaf/sourceID/DNB|050912240</subfield>
    <subfield code="B">GND-050912240</subfield>
  </datafield>
  <datafield tag="780" ind1="0" ind2="0">
    <subfield code="i">Vorg.:</subfield>
    <subfield code="a">Euregio Rhein-Waal</subfield>
    <subfield code="t">Jahresbericht / Euregio Rhein-Waal, Operationelles Interreg-2-Programm</subfield>
    <subfield code="d">Kleve, 2000-2001</subfield>
    <subfield code="w">(DE-605)HT013284237</subfield>
  </datafield>
  <datafield tag="785" ind1="0" ind2="0">
    <subfield code="i">Forts.:</subfield>
    <subfield code="t">Interreg IIIA</subfield>
    <subfield code="d">Kleve : Gemeinsames INTERREG-Sekretariat, Euroregio Rhein-Waal, 2006-2006</subfield>
    <subfield code="w">(DE-605)HT015544110</subfield>
  </datafield>
  <datafield tag="960" ind1="1" ind2=" ">
    <subfield code="n">NWBib-61</subfield>
  </datafield>
  <datafield tag="964" ind1="0" ind2="s">
    <subfield code="F">030</subfield>
    <subfield code="A">a||u|||||||37</subfield>
  </datafield>
  <datafield tag="964" ind1="0" ind2="s">
    <subfield code="F">050</subfield>
    <subfield code="A">a|a|||||||||||</subfield>
  </datafield>
  <datafield tag="964" ind1="0" ind2="s">
    <subfield code="F">052</subfield>
    <subfield code="A">p||||||t|||||||</subfield>
  </datafield>
  <datafield tag="035" ind1=" " ind2=" ">
    <subfield code="a">(DE-600)2151120-2</subfield>
  </datafield>
  <datafield tag="035" ind1=" " ind2=" ">
    <subfield code="a">(OCoLC)1071459233</subfield>
    <subfield code="0">(uri) http://www.worldcat.org/oclc/1071459233</subfield>
  </datafield>
  <datafield tag="035" ind1=" " ind2=" ">
    <subfield code="a">(DE-599)ZDB2151120-2</subfield>
  </datafield>
  <datafield tag="MBD" ind1=" " ind2=" ">
    <subfield code="M">49HBZ_NETWORK</subfield>
    <subfield code="i">990132101160206441</subfield>
    <subfield code="n">HBZ Network</subfield>
  </datafield>
  <datafield tag="MNG" ind1=" " ind2=" ">
    <subfield code="c">System</subfield>
    <subfield code="f">ILS</subfield>
    <subfield code="i">marc21</subfield>
    <subfield code="k">01</subfield>
    <subfield code="e">false</subfield>
    <subfield code="d">2021-04-08 16:44:07 Europe/Berlin</subfield>
    <subfield code="g">013210116-HBZ01</subfield>
    <subfield code="j">90</subfield>
    <subfield code="a">import</subfield>
    <subfield code="b">2021-04-05 07:59:43 Europe/Berlin</subfield>
  </datafield>
  <datafield tag="GST" ind1=" " ind2=" ">
    <subfield code="a">Pilotprojekt</subfield>
    <subfield code="A">GND</subfield>
    <subfield code="B">GND-041156455</subfield>
    <subfield code="C">450</subfield>
  </datafield>
  <datafield tag="GST" ind1=" " ind2=" ">
    <subfield code="a">Vorhaben</subfield>
    <subfield code="A">GND</subfield>
    <subfield code="B">GND-041156455</subfield>
    <subfield code="C">450</subfield>
  </datafield>
  <datafield tag="GST" ind1=" " ind2=" ">
    <subfield code="a">Modellprojekt</subfield>
    <subfield code="A">GND</subfield>
    <subfield code="B">GND-041156455</subfield>
    <subfield code="C">450</subfield>
  </datafield>
  <datafield tag="GST" ind1=" " ind2=" ">
    <subfield code="a">Projekte</subfield>
    <subfield code="A">GND</subfield>
    <subfield code="B">GND-041156455</subfield>
    <subfield code="C">450</subfield>
  </datafield>
  <datafield tag="GSI" ind1="7" ind2=" ">
    <subfield code="a">4115645-6</subfield>
    <subfield code="0">http://d-nb.info/gnd/4115645-6</subfield>
    <subfield code="2">gnd</subfield>
    <subfield code="A">GND</subfield>
    <subfield code="B">GND-041156455</subfield>
    <subfield code="C">024</subfield>
  </datafield>
  <datafield tag="GST" ind1=" " ind2=" ">
    <subfield code="a">Europ&#228;ische Region</subfield>
    <subfield code="x">Grenz&#252;berschreitende Kooperation</subfield>
    <subfield code="A">GND</subfield>
    <subfield code="B">GND-956720129</subfield>
    <subfield code="C">450</subfield>
  </datafield>
  <datafield tag="GST" ind1=" " ind2=" ">
    <subfield code="a">Europaregion</subfield>
    <subfield code="A">GND</subfield>
    <subfield code="B">GND-956720129</subfield>
    <subfield code="C">450</subfield>
  </datafield>
  <datafield tag="GST" ind1=" " ind2=" ">
    <subfield code="a">Euroregion</subfield>
    <subfield code="A">GND</subfield>
    <subfield code="B">GND-956720129</subfield>
    <subfield code="C">450</subfield>
  </datafield>
  <datafield tag="GST" ind1=" " ind2=" ">
    <subfield code="a">Europa</subfield>
    <subfield code="x">Euregio</subfield>
    <subfield code="A">GND</subfield>
    <subfield code="B">GND-956720129</subfield>
    <subfield code="C">450</subfield>
  </datafield>
  <datafield tag="GSI" ind1="7" ind2=" ">
    <subfield code="a">4549912-3</subfield>
    <subfield code="0">http://d-nb.info/gnd/4549912-3</subfield>
    <subfield code="2">gnd</subfield>
    <subfield code="A">GND</subfield>
    <subfield code="B">GND-956720129</subfield>
    <subfield code="C">024</subfield>
  </datafield>
  <datafield tag="GKT" ind1="2" ind2=" ">
    <subfield code="a">Euregio Rijn-Maas-Noord</subfield>
    <subfield code="A">GND</subfield>
    <subfield code="B">GND-050912240</subfield>
    <subfield code="C">410</subfield>
  </datafield>
  <datafield tag="GKT" ind1="2" ind2=" ">
    <subfield code="a">Euregio</subfield>
    <subfield code="g">Euregio Rhein-Maas-Nord</subfield>
    <subfield code="A">GND</subfield>
    <subfield code="B">GND-050912240</subfield>
    <subfield code="C">410</subfield>
  </datafield>
  <datafield tag="GSI" ind1="7" ind2=" ">
    <subfield code="a">5091224-0</subfield>
    <subfield code="0">http://d-nb.info/gnd/5091224-0</subfield>
    <subfield code="2">gnd</subfield>
    <subfield code="A">GND</subfield>
    <subfield code="B">GND-050912240</subfield>
    <subfield code="C">024</subfield>
  </datafield>
  <datafield tag="GKT" ind1="2" ind2=" ">
    <subfield code="a">Euregio Rijn-Waal</subfield>
    <subfield code="A">GND</subfield>
    <subfield code="B">GND-946322201</subfield>
    <subfield code="C">410</subfield>
  </datafield>
  <datafield tag="GKT" ind1="2" ind2=" ">
    <subfield code="a">Rhein-Waal EUREGIO</subfield>
    <subfield code="A">GND</subfield>
    <subfield code="B">GND-946322201</subfield>
    <subfield code="C">410</subfield>
  </datafield>
  <datafield tag="GSI" ind1="7" ind2=" ">
    <subfield code="a">http://d-nb.info/gnd/2152590-0</subfield>
    <subfield code="2">uri</subfield>
    <subfield code="A">GND</subfield>
    <subfield code="B">GND-946322201</subfield>
    <subfield code="C">024</subfield>
  </datafield>
</record>